<?xml version="1.0" encoding="UTF-8"?><collection xmlns="http://www.loc.gov/MARC21/slim"><record><leader>00560nam--2200193-i-4500</leader><controlfield tag="001">000043221</controlfield><controlfield tag="002">20161230</controlfield><controlfield tag="005">20170121235427</controlfield><controlfield tag="008">060222s1000------------r-----000-0-fre-d</controlfield><datafield ind1=" " ind2=" " tag="040"><subfield code="a">IFIN-HH</subfield></datafield><datafield ind1=" " ind2=" " tag="041"><subfield code="a">fre</subfield></datafield><datafield ind1=" " ind2=" " tag="080"><subfield code="a">53</subfield></datafield><datafield ind1="1" ind2=" " tag="100"><subfield code="a">Surugue, J</subfield></datafield><datafield ind1="1" ind2="0" tag="245"><subfield code="a">Techniques generales du laboratoire de physique. Preface de f. Joliot-Curie Vol. I</subfield><subfield code="c">J. Sugurue</subfield></datafield><datafield ind1=" " ind2=" " tag="250"><subfield code="a">2e Edition, Revue Et Completee</subfield></datafield><datafield ind1=" " ind2=" " tag="260"><subfield code="a">Paris</subfield><subfield code="b">Centre National De La Recherche Scientifique</subfield><subfield code="c">1955</subfield></datafield><datafield ind1=" " ind2=" " tag="300"><subfield code="a">671 p</subfield></datafield><datafield ind1=" " ind2=" " tag="852"><subfield code="a">11179</subfield><subfield code="c">53.08</subfield></datafield><datafield ind1=" " ind2=" " tag="CAT"><subfield code="a">SYS</subfield><subfield code="c">20170121</subfield><subfield code="h">235427</subfield></datafield></record></collection>